%==============================================================================
% define all referenced literature
% see https://de.wikipedia.org/wiki/BibTeX#Literaturtypen_.28Entry_Types.29 for type description
% see http://www.bibtex.org/Using/de/ for bibtex usage
%==============================================================================


@booklet{CM-T-CMW,
	author       = {Cooperation \& Management},
	title        = {{C\&M-TEAMARBEIT, Writing and Formatting Rules}},
	howpublished = "\url{\\\\sccfs.scc.kit.edu\\OE\\TM\\VR\\Mitglieder\\1-1.Teamarbeit}"
}

@online{MS-GODEV,
  author = {{Microsoft}},
  title = {Configure Visual Studio Code for Go Development},
  year = {2020},
  howpublished = "\url{https://learn.microsoft.com/en-us/azure/developer/go/configure-visual-studio-code}"
}

@online{W3-GOSTRUCT,
  author = {{W3Schools}},
  title = {Go Structures},
  year = {2021},
  howpublished = "\url{https://www.w3schools.com/go/go_struct.php}"
}


@booklet{CM-T-GO,
  author       = {Cooperation \& Management},
  title        = {{C\&M-TEAMARBEIT, GOLANG M2Go Part 2}},
  howpublished = "\url{\\\\sccfs.scc.kit.edu\\OE\\TM\\VR\\Mitglieder\\2-1.WASA_M2Go_Aktuell\\2.Exercises\\}"
}
